<?xml version="1.0" encoding="UTF-8"?><collection xmlns="http://www.loc.gov/MARC21/slim"><record><leader>00377nam--2200145-i-4500</leader><controlfield tag="001">000008145</controlfield><controlfield tag="002">20161230</controlfield><controlfield tag="005">20170211151054</controlfield><controlfield tag="008">060222s1000------------r-----000-0-eng-d</controlfield><datafield ind1=" " ind2=" " tag="245"><subfield code="a">Development in inorganic nitrogen chemistry</subfield></datafield><datafield ind1=" " ind2=" " tag="260"><subfield code="a">Amsterdam</subfield><subfield code="b">Elsevier Publ.Co</subfield><subfield code="c">1966</subfield></datafield><datafield ind1=" " ind2=" " tag="300"><subfield code="a">583 p</subfield></datafield><datafield ind1=" " ind2=" " tag="700"><subfield code="a">Colburn, Charles B</subfield></datafield><datafield ind1=" " ind2=" " tag="852"><subfield code="a">546.17</subfield></datafield><datafield ind1=" " ind2=" " tag="CAT"><subfield code="a">SYS</subfield><subfield code="c">20170211</subfield><subfield code="h">151054</subfield></datafield></record></collection>